@inproceedings{Arendt:2010:HAC:1926458.1926471,
 author = {Arendt, Thorsten and Biermann, Enrico and Jurack, Stefan and Krause, Christian and Taentzer, Gabriele},
 title = {Henshin: Advanced Concepts and Tools for In-place EMF Model Transformations},
 booktitle = {Proceedings of the 13th International Conference on Model Driven Engineering Languages and Systems: Part I},
 series = {MODELS'10},
 year = {2010},
 isbn = {3-642-16144-8, 978-3-642-16144-5},
 location = {Oslo, Norway},
 pages = {121--135},
 numpages = {15},
 url = {http://dl.acm.org/citation.cfm?id=1926458.1926471},
 acmid = {1926471},
 publisher = {Springer-Verlag},
 address = {Berlin, Heidelberg},
}

@misc{contextmapper,
  title = {{A Domain-specific Language for Context Mapping \& Service Decomposition}},
  author = {{ContextMapper DSL}},
  howpublished = {{\url{https://contextmapper.github.io/}}},
  note = "[Online; Accessed: 2018-12-09]"
}

@article{soley2000model,
  title={Model driven architecture},
  author={Soley, Richard and others},
  journal={OMG white paper},
  volume={308},
  number={308},
  pages={5},
  year={2000}
}

@InProceedings{10.1007/3-540-45800-X_33,
author="Lodderstedt, Torsten
and Basin, David
and Doser, J{\"u}rgen",
editor="J{\'e}z{\'e}quel, Jean-Marc
and Hussmann, Heinrich
and Cook, Stephen",
title="SecureUML: A UML-Based Modeling Language for Model-Driven Security",
booktitle="UML 2002 --- The Unified Modeling Language",
year="2002",
publisher="Springer Berlin Heidelberg",
address="Berlin, Heidelberg",
pages="426--441",
abstract="We present a modeling language for the model-driven development of secure, distributed systems based on the Unified Modeling Language (UML). Our approach is based on role-based access control with additional support for specifying authorization constraints. We show how UML can be used to specify information related to access control in the overall design of an application and how this information can be used to automatically generate complete access control infrastructures. Our approach can be used to improve productivity during the development of secure distributed systems and the quality of the resulting systems.",
isbn="978-3-540-45800-5"
}

@article{MENS2006125,
 author = {Mens, Tom and Van Gorp, Pieter},
 title = {A Taxonomy of Model Transformation},
 journal = {Electron. Notes Theor. Comput. Sci.},
 issue_date = {March, 2006},
 volume = {152},
 month = mar,
 year = {2006},
 issn = {1571-0661},
 pages = {125--142},
 numpages = {18},
 url = {http://dx.doi.org/10.1016/j.entcs.2005.10.021},
 doi = {10.1016/j.entcs.2005.10.021},
 acmid = {1706924},
 publisher = {Elsevier Science Publishers B. V.},
 address = {Amsterdam, The Netherlands, The Netherlands},
 keywords = {MDD, MDE, comparison, model transformation, taxonomy},
} 

@Article{ZimmermannArchitecturalRefactorings,
	author="Zimmermann, Olaf",
	title="Architectural refactoring for the cloud: a decision-centric view on cloud migration",
	journal="Computing",
	year="2017",
	volume="99",
	number="2",
	pages="129-145",
	issn="1436-5057",
	doi="10.1007/s00607-016-0520-y",
	url="https://link.springer.com/article/10.1007/s00607-016-0520-y"
}

@book{steinberg2008emf,
  title={EMF: Eclipse Modeling Framework},
  author={Steinberg, D. and Budinsky, F. and Merks, E. and Paternostro, M.},
  isbn={9780132702218},
  series={Eclipse Series},
  year={2008},
  publisher={Pearson Education}
}

@book{DBLP:series/eatcs/EhrigEPT06,
  author    = {Hartmut Ehrig and
               Karsten Ehrig and
               Ulrike Prange and
               Gabriele Taentzer},
  title     = {Fundamentals of Algebraic Graph Transformation},
  series    = {Monographs in Theoretical Computer Science. An {EATCS} Series},
  publisher = {Springer},
  year      = {2006},
  url       = {https://doi.org/10.1007/3-540-31188-2},
  doi       = {10.1007/3-540-31188-2},
  isbn      = {978-3-540-31187-4}
}
