@book{Wohlin:2012:ESE:2349018,
 author = {Wohlin, Claes and Runeson, Per and Hst, Martin and Ohlsson, Magnus C. and Regnell, Bjrn and Wessln, Anders},
 title = {Experimentation in Software Engineering},
 year = {2012},
 isbn = {3642290434, 9783642290435},
 publisher = {Springer Publishing Company, Incorporated},
} 

@InProceedings{10-1007-3-540-57092-6-91,
author="Basili, Victor R.",
editor="Rombach, H. Dieter
and Basili, Victor R.
and Selby, Richard W.",
title="The experimental paradigm in software engineering",
booktitle="Experimental Software Engineering Issues: Critical Assessment and Future Directions",
year="1993",
publisher="Springer Berlin Heidelberg",
address="Berlin, Heidelberg",
pages="1--12",
isbn="978-3-540-47903-1"
}

@ARTICLE{159342,
author={},
journal={IEEE Std 610.12-1990},
title={{IEEE Standard Glossary of Software Engineering Terminology}},
year={1990},
volume={},
number={},
pages={1-84},
keywords={glossaries;software engineering;standards;IEEE Std 610.12-1990;standard glossary;software engineering terminology;Terminology;Software engineering;Standards;glossary;terminology;dictionary;Software engineering;Definitions},
doi={10.1109/IEEESTD.1990.101064},
ISSN={},
month={Dec},}

@book{robson2002real,
  title={Real World Research: A Resource for Social Scientists and Practitioner-Researchers},
  author={Robson, C.},
  isbn={9780631213055},
  lccn={92021782},
  series={Regional Surveys of the World Series},
  year={2002},
  publisher={Wiley}
}

@article{Glass:1994:SC:624604.625401,
 author = {Glass, Robert L.},
 title = {The Software-Research Crisis},
 journal = {IEEE Softw.},
 issue_date = {November 1994},
 volume = {11},
 number = {6},
 month = nov,
 year = {1994},
 issn = {0740-7459},
 pages = {42--47},
 numpages = {6},
 url = {https://doi.org/10.1109/52.329400},
 doi = {10.1109/52.329400},
 acmid = {625401},
 publisher = {IEEE Computer Society Press},
 address = {Los Alamitos, CA, USA},
 keywords = {computer software, mathematics, research model, software engineering, software practice, software-research crisis, technological forecasting},
} 

@mastersthesis{contextmapper,
  author       = {Stefan Kapferer}, 
  title        = {A Domain-specific Language for Service Decomposition},
  school       = {University of Applied Sciences of Eastern Switzerland (HSR FHO)},
  year         = 2018,
  type         ={{Term Project}},
  note         = {Publication: \url{https://eprints.hsr.ch/722/}}
}

@article{Avison:1999:AR:291469.291479,
 author = {Avison, David E. and Lau, Francis and Myers, Michael D. and Nielsen, Peter Axel},
 title = {Action Research},
 journal = {Commun. ACM},
 issue_date = {Jan. 1999},
 volume = {42},
 number = {1},
 month = jan,
 year = {1999},
 issn = {0001-0782},
 pages = {94--97},
 numpages = {4},
 url = {http://doi.acm.org/10.1145/291469.291479},
 doi = {10.1145/291469.291479},
 acmid = {291479},
 publisher = {ACM},
 address = {New York, NY, USA},
} 

@book{yin2009case,
  title={Case Study Research: Design and Methods},
  author={Yin, R.K.},
  isbn={9781412960991},
  lccn={2008019313},
  series={Applied Social Research Methods},
  year={2009},
  publisher={SAGE Publications}
}

@article{Benbasat:1987:CRS:35194.35201,
 author = {Benbasat, Izak and Goldstein, David K. and Mead, Melissa},
 title = {The Case Research Strategy in Studies of Information Systems},
 journal = {MIS Q.},
 issue_date = {Sept. 1987},
 volume = {11},
 number = {3},
 month = sep,
 year = {1987},
 issn = {0276-7783},
 pages = {369--386},
 numpages = {18},
 url = {http://dx.doi.org/10.2307/248684},
 doi = {10.2307/248684},
 acmid = {35201},
 publisher = {Society for Information Management and The Management Information Systems Research Center},
 address = {Minneapolis, MN, USA},
} 